@inproceedings{gilad2016cryptonets,
  title={Cryptonets: Applying neural networks to encrypted data with high throughput and accuracy},
  author={Gilad-Bachrach, Ran and Dowlin, Nathan and Laine, Kim and Lauter, Kristin and Naehrig, Michael and Wernsing, John},
  booktitle={International conference on machine learning},
  pages={201--210},
  year={2016},
  organization={PMLR}
}

@article{javed2019performance,
  title={Performance analysis of deep learning workloads using roofline trajectories},
  author={Javed, M Haseeb and Ibrahim, Khaled Z and Lu, Xiaoyi},
  journal={CCF Transactions on High Performance Computing},
  volume={1},
  number={3-4},
  pages={224--239},
  year={2019},
  publisher={Springer}
}

@inproceedings{jia2021proof,
  title={Proof-of-learning: Definitions and practice},
  author={Jia, Hengrui and Yaghini, Mohammad and Choquette-Choo, Christopher A and Dullerud, Natalie and Thudi, Anvith and Chandrasekaran, Varun and Papernot, Nicolas},
  booktitle={2021 IEEE Symposium on Security and Privacy (SP)},
  pages={1039--1056},
  year={2021},
  organization={IEEE}
}

@article{langer2020distributed,
  title={Distributed training of deep learning models: A taxonomic perspective},
  author={Langer, Matthias and He, Zhen and Rahayu, Wenny and Xue, Yanbo},
  journal={IEEE Transactions on Parallel and Distributed Systems},
  volume={31},
  number={12},
  pages={2802--2818},
  year={2020},
  publisher={IEEE}
}

@article{lee2022privacy,
  title={Privacy-preserving machine learning with fully homomorphic encryption for deep neural network},
  author={Lee, Joon-Woo and Kang, HyungChul and Lee, Yongwoo and Choi, Woosuk and Eom, Jieun and Deryabin, Maxim and Lee, Eunsang and Lee, Junghyun and Yoo, Donghoon and Kim, Young-Sik and others},
  journal={IEEE Access},
  volume={10},
  pages={30039--30054},
  year={2022},
  publisher={IEEE}
}

@inproceedings{NEURIPS2021_0d924f0e,
 author = {Dang, Trung and Thakkar, Om and Ramaswamy, Swaroop and Mathews, Rajiv and Chin, Peter and Beaufays, Fran\c{c}oise},
 booktitle = {Advances in Neural Information Processing Systems},
 editor = {M. Ranzato and A. Beygelzimer and Y. Dauphin and P.S. Liang and J. Wortman Vaughan},
 pages = {1727--1738},
 publisher = {Curran Associates, Inc.},
 title = {Revealing and Protecting Labels in Distributed Training},
 url = {https://proceedings.neurips.cc/paper_files/paper/2021/file/0d924f0e6b3fd0d91074c22727a53966-Paper.pdf},
 volume = {34},
 year = {2021}
}

@article{zhu2019deep,
  title={Deep leakage from gradients},
  author={Zhu, Ligeng and Liu, Zhijian and Han, Song},
  journal={Advances in neural information processing systems},
  volume={32},
  year={2019}
}